<record><leader>00000cas a22000007a 4500</leader><controlfield tag="001">21349531</controlfield><controlfield tag="008">900409d197319uunhuwr ne      0    0eng d</controlfield><datafield ind1=" " ind2=" " tag="010"><subfield code="a">sn 90062316 </subfield></datafield><datafield ind1=" " ind2=" " tag="040"><subfield code="a">PSM</subfield><subfield code="b">eng</subfield><subfield code="c">PSM</subfield><subfield code="d">NVH</subfield><subfield code="d">NSD</subfield><subfield code="d">OCLCQ</subfield></datafield><datafield ind1=" " ind2=" " tag="042"><subfield code="a">msc</subfield></datafield><datafield ind1="0" ind2="0" tag="245"><subfield code="a">Record citizen.</subfield></datafield><datafield ind1=" " ind2=" " tag="260"><subfield code="a">Plymouth, N.H. :</subfield><subfield code="b">Record Citizen</subfield></datafield><datafield ind1=" " ind2=" " tag="300"><subfield code="a">v.</subfield></datafield><datafield ind1=" " ind2=" " tag="310"><subfield code="a">Weekly</subfield></datafield><datafield ind1="0" ind2=" " tag="362"><subfield code="a">Vol. 85, no. 35 (Aug. 29, 1973)-</subfield></datafield><datafield ind1=" " ind2=" " tag="580"><subfield code="a">Merged with: Enterprise; to form: Record enterprise.</subfield></datafield><datafield ind1=" " ind2=" " tag="752"><subfield code="a">United States</subfield><subfield code="b">New Hampshire</subfield><subfield code="c">Grafton</subfield><subfield code="d">Plymouth.</subfield></datafield><datafield ind1="0" ind2="0" tag="780"><subfield code="t">Plymouth record</subfield><subfield code="w">(DLC)sn 84027733</subfield></datafield><datafield ind1="0" ind2="4" tag="780"><subfield code="t">Ashland citizen</subfield><subfield code="w">(DLC)sn 89068015</subfield></datafield><datafield ind1="1" ind2="7" tag="785"><subfield code="t">Enterprise (Bristol, N.H.)</subfield><subfield code="w">(DLC)sn 90062224</subfield><subfield code="w">(OCoLC)20978808</subfield></datafield><datafield ind1="0" ind2="0" tag="785"><subfield code="t">Record enterprise (Plymouth, N.H.)</subfield><subfield code="x">1070-745X</subfield><subfield code="w">(DLC)sn 93007612</subfield><subfield code="w">(OCoLC)28405919</subfield></datafield></record>